<?xml version="1.0" encoding="UTF-8"?>
<record xmlns="http://www.loc.gov/MARC21/slim" xmlns:xsi="http://www.w3.org/2001/XMLSchema-instance" xsi:schemaLocation="http://www.loc.gov/MARC21/slim http://www.loc.gov/standards/marcxml/schema/MARC21slim.xsd">
<leader>     nam a22001937a 4500</leader>
<controlfield tag="001">001680333</controlfield>
<controlfield tag="003">NNU</controlfield>
<controlfield tag="005">19970327174528.0</controlfield>
<controlfield tag="008">961104s1938    le            000 0 ara d</controlfield>
<datafield tag="035" ind1="9" ind2=" ">
<subfield code="a">NYUb12223736</subfield>
</datafield>
<datafield tag="035" ind1=" " ind2=" ">
<subfield code="a">(MH)MHBJA75030HU</subfield>
</datafield>
<datafield tag="035" ind1=" " ind2=" ">
<subfield code="a">(CStRLIN)MAHGBJA75030-B</subfield>
</datafield>
<datafield tag="040" ind1=" " ind2=" ">
<subfield code="a">MH</subfield>
<subfield code="c">MH</subfield>
<subfield code="d">CStRLIN</subfield>
</datafield>
<datafield tag="100" ind1="1" ind2=" ">
<subfield code="a">Maghribī, Rashād.</subfield>
</datafield>
<datafield tag="245" ind1="1" ind2="0">
<subfield code="a">Khaṭīʼat al-shaykh :</subfield>
<subfield code="b">riwāyah.</subfield>
</datafield>
<datafield tag="260" ind1=" " ind2=" ">
<subfield code="a">Bayrūt :</subfield>
<subfield code="b">Dār al-Makshūf,</subfield>
<subfield code="c">1938.</subfield>
</datafield>
<datafield tag="300" ind1=" " ind2=" ">
<subfield code="a">219 p.</subfield>
</datafield>
<datafield tag="OWN" ind1=" " ind2=" ">
<subfield code="a">GENERAL</subfield>
</datafield>
<datafield tag="950" ind1=" " ind2=" ">
<subfield code="l">BMAIN</subfield>
<subfield code="a">PJ7820.A68</subfield>
<subfield code="b">K5</subfield>
</datafield>
<datafield tag="955" ind1=" " ind2=" ">
<subfield code="l">BMAIN</subfield>
<subfield code="c">1</subfield>
<subfield code="r">028864992</subfield>
</datafield>
<datafield tag="998" ind1=" " ind2=" ">
<subfield code="s">9555</subfield>
</datafield>
<datafield tag="AVA" ind1=" " ind2=" ">
<subfield code="a">NYU50</subfield>
<subfield code="b">BOBST</subfield>
<subfield code="c">Main Collection</subfield>
<subfield code="d">PJ7820.A68 K5</subfield>
<subfield code="e">unavailable</subfield>
<subfield code="t">Unavailable</subfield>
<subfield code="f">1</subfield>
<subfield code="g">1</subfield>
<subfield code="h">N</subfield>
<subfield code="i">0</subfield>
<subfield code="j">MAIN</subfield>
</datafield>
</record>
